<?xml version="1.0" encoding="UTF-8"?><record xmlns="http://www.loc.gov/MARC21/slim" xmlns:cinclude="http://apache.org/cocoon/include/1.0" xmlns:zs="http://www.loc.gov/zing/srw/">
  <leader>00522nz  a2200145n  4500</leader>
  <controlfield tag="001">no 98106795 </controlfield>
  <controlfield tag="003">DLC</controlfield>
  <controlfield tag="005">19980905051948.5</controlfield>
  <controlfield tag="008">980904n| acannaab|          |n aaa     c</controlfield>
  <datafield tag="010" ind1=" " ind2=" ">
    <subfield code="a">no 98106795 </subfield>
  </datafield>
  <datafield tag="035" ind1=" " ind2=" ">
    <subfield code="a">(OCoLC)oca04809093 </subfield>
  </datafield>
  <datafield tag="040" ind1=" " ind2=" ">
    <subfield code="a">CSf</subfield>
    <subfield code="c">CSf</subfield>
  </datafield>
  <datafield tag="100" ind1="1" ind2="0">
    <subfield code="a">Metcalf, Maynard M.</subfield>
    <subfield code="q">(Maynard Mayo),</subfield>
    <subfield code="d">1868-1940</subfield>
  </datafield>
  <datafield tag="670" ind1=" " ind2=" ">
    <subfield code="a">The Salpidae collected by the United States fisheries steamer ... 1919:</subfield>
    <subfield code="b">t.p. (Maynard M. Metcalf)</subfield>
  </datafield>
  <datafield tag="670" ind1=" " ind2=" ">
    <subfield code="a">OCLC, Aug. 6, 1998</subfield>
    <subfield code="b">(hdg.: Metcalf, Maynard Mayo, 1868-1940; usage: Maynard M. Metcalf)</subfield>
  </datafield>
</record>